@article{lyngstadaas2022harder,
  title={Harder, better, faster, stronger: digitalisation and employee well-being in the operations workforce},
  author={Lyngstadaas, Hakim and Berg, Terje},
  journal={Production Planning \& Control},
  pages={1--18},
  year={2022},
  publisher={Taylor \& Francis}
}
@article{fantini2020placing,
  title={Placing the operator at the centre of Industry 4.0 design: Modelling and assessing human activities within cyber-physical systems},
  author={Fantini, Paola and Pinzone, Marta and Taisch, Marco},
  journal={Computers \& Industrial Engineering},
  volume={139},
  pages={105058},
  year={2020},
  publisher={Elsevier}
}
@article{pinzone2020framework,
  title={A framework for operative and social sustainability functionalities in Human-Centric Cyber-Physical Production Systems},
  author={Pinzone, Marta and Alb{\`e}, Federico and Orlandelli, Davide and Barletta, Ilaria and Berlin, Cecilia and Johansson, Bj{\"o}rn and Taisch, Marco},
  journal={Computers \& industrial engineering},
  volume={139},
  pages={105132},
  year={2020},
  publisher={Elsevier}
}
@article{raja2023industry,
  title        = {Industry 5.0 or industry 4.0 S? Introduction to industry 4.0 and a peek into the prospective industry 5.0 technologies},
  author       = {Raja Santhi, Abirami and Muthuswamy, Padmakumar},
  year         = 2023,
  journal      = {International Journal on Interactive Design and Manufacturing (IJIDeM)},
  publisher    = {Springer},
  pages        = {1--33}
}
@article{messaadia2016plm,
  title        = {{PLM} adoption in {SME}s context},
  author       = {Messaadia, Mourad and Baudry, David and Louis, Anne and Mahdikhah, Sara and Evans, Richard and Gao, James and Paquet, Thierry and Sahnoun, M'hammed and Mazari, Belhac{\`e}ne},
  year         = 2016,
  journal      = {Computer-Aided Design and Applications},
  publisher    = {Taylor \& Francis},
  volume       = 13,
  number       = 5,
  pages        = {618--627}
}
@article{brik2022fog,
  title        = {Fog-supported Low Latency Monitoring of System Disruptions in Industry 4.0: A Federated Learning Approach},
  author       = {Brik, Bouziane and Messaadia, Mourad and Sahnoun, M’hammed and Bettayeb, Belgacem and Benatia, Mohamed Amin},
  year         = 2022,
  journal      = {ACM Transactions on Cyber-Physical Systems},
  publisher    = {ACM New York, NY}
}
@article{kadir2020human,
  title        = {Human well-being and system performance in the transition to industry 4.0},
  author       = {Kadir, Bzhwen A and Broberg, Ole},
  year         = 2020,
  journal      = {International Journal of Industrial Ergonomics},
  publisher    = {Elsevier},
  volume       = 76,
  pages        = 102936
}
@inproceedings{bailly2020,
  title        = {Human’s new roles to ensure resilience of industrial cyber-physical systems},
  author       = {Bailly, Antoine and Tlahig, Houda and Bettayeb, Belgacem and Messaadia, Mourad and Sahnoun, M’hammed},
  year         = 2020,
  booktitle    = {2020 IEEE Conference on Industrial Cyberphysical Systems (ICPS)},
  volume       = 1,
  pages        = {453--458},
  organization = {IEEE}
}
@article{chen2022analysis,
  title        = {Analysis of assembly-time performance (ATP) in manufacturing operations with collaborative robots: a systems approach},
  author       = {Chen, Nan and Huang, Ningjian and Radwin, Robert and Li, Jingshan},
  year         = 2022,
  journal      = {International Journal of Production Research},
  publisher    = {Taylor \& Francis},
  volume       = 60,
  number       = 1,
  pages        = {277--296}
}
@article{kose2023game,
  title={Game theory-oriented approach for disassembly line worker assignment and balancing problem with multi-manned workstations},
  author={Kose, Yildiz and Cevikcan, Emre and Ertemel, Sinan and Murat, Mirac},
  journal={Computers \& Industrial Engineering},
  volume={181},
  pages={109294},
  year={2023},
  publisher={Elsevier}
}
@article{dolgui2022design,
  title        = {Design and management of assembly systems 4.0: systematic literature review and research agenda},
  author       = {Dolgui, Alexandre and Sgarbossa, Fabio and Simonetto, Marco},
  year         = 2022,
  journal      = {International Journal of Production Research},
  publisher    = {Taylor \& Francis},
  volume       = 60,
  number       = 1,
  pages        = {184--210}
}
@Article{Destouet2023,
      title={Flexible job shop scheduling problem under Industry 5.0: A survey on human reintegration, environmental consideration and resilience improvement},
      author={Destouet, Candice and Tlahig, Houda and Bettayeb, Belgacem and Mazari, B{\'e}lahc{\`e}ne},
      journal={Journal of Manufacturing Systems},
      volume={67},
      pages={155--173},
      year={2023},
      publisher={Elsevier}
}
@article{panagou2023scoping,
  title        = {A scoping review of human robot interaction research towards Industry 5.0 human-centric workplaces},
  author       = {Panagou, Sotirios and Neumann, W Patrick and Fruggiero, Fabio},
  year         = 2023,
  journal      = {International Journal of Production Research},
  publisher    = {Taylor \& Francis},
  pages        = {1--17}
}
@article{zanchettin2018,
  title={Prediction of human activity patterns for human--robot collaborative assembly tasks},
  author={Zanchettin, Andrea Maria and Casalino, Andrea and Piroddi, Luigi and Rocco, Paolo},
  journal={IEEE Transactions on Industrial Informatics},
  volume={15},
  number={7},
  pages={3934--3942},
  year={2018},
  publisher={IEEE}
}
@article{zhang2021task,
  title        = {A task scheduling model integrating micro-breaks for optimisation of job-cycle time in human-robot collaborative assembly cells},
  author       = {Zhang, Ming and Li, Chunquan and Shang, Yuling and Huang, Hongyan and Zhu, Wangchun and Liu, Yujia},
  year         = 2021,
  journal      = {International Journal of Production Research},
  publisher    = {Taylor \& Francis},
  pages        = {1--12}
}
@article{hjorth2022human,
  title        = {Human--robot collaboration in industrial environments: A literature review on non-destructive disassembly},
  author       = {Hjorth, Sebastian and Chrysostomou, Dimitrios},
  year         = 2022,
  journal      = {Robotics and Computer-Integrated Manufacturing},
  publisher    = {Elsevier},
  volume       = 73,
  pages        = 102208
}
@article{liu2022application,
  title        = {Application, Development and Future Opportunities of Collaborative Robots (Cobots) in Manufacturing: A Literature Review},
  author       = {Liu, Li and Guo, Fu and Zou, Zishuai and Duffy, Vincent G},
  year         = 2022,
  journal      = {International Journal of Human--Computer Interaction},
  publisher    = {Taylor \& Francis},
  pages        = {1--18}
}
@article{vicentini2021collaborative,
  title        = {Collaborative robotics: a survey},
  author       = {Vicentini, Federico},
  year         = 2021,
  journal      = {Journal of Mechanical Design},
  publisher    = {American Society of Mechanical Engineers Digital Collection},
  volume       = 143,
  number       = 4
}
@article{hentout2019human,
  title        = {Human--robot interaction in industrial collaborative robotics: a literature review of the decade 2008--2017},
  author       = {Hentout, Abdelfetah and Aouache, Mustapha and Maoudj, Abderraouf and Akli, Isma},
  year         = 2019,
  journal      = {Advanced Robotics},
  publisher    = {Taylor \& Francis},
  volume       = 33,
  number       = {15-16},
  pages        = {764--799}
}
@Article{Jahanmahin2022,
  author     = {Jahanmahin, Roohollah and Masoud, Sara and Rickli, Jeremy and Djuric, Ana},
  journal    = {Robotics and Computer-Integrated Manufacturing},
  title      = {Human-robot interactions in manufacturing: {A} survey of human behavior modeling},
  year       = {2022},
  month      = jun,
  pages      = {102404},
  volume     = {78},
  file       = {:1-s2.0-S0736584522000916-main.pdf:PDF},
  idd        = {76},
  keywords   = {Human-robot interaction, Collaborative robots, Human behavior modeling, Manufacturing},
  priority   = {prio1},
  shorttitle = {Human-robot interactions in manufacturing},
}

@inproceedings{ferjani2015,
  title={A heuristic approach taking operators’ fatigue into account for the dynamic assignment of workforce to reduce the mean flowtime},
  author={Ferjani, Aicha and Ammar, Achraf and Pierreval, Henri and Trabelsi, Abdelwaheb and Aubi{\`e}re, France},
  booktitle={International Conference on Computers and Industrial Engineering, CIE45},
  volume={43},
  pages={65--80},
  year={2015}
}
@article{ferjani2017,
  title={A simulation-optimization based heuristic for the online assignment of multi-skilled workers subjected to fatigue in manufacturing systems},
  author={Ferjani, Aicha and Ammar, Achraf and Pierreval, Henri and Elkosantini, Sabeur},
  journal={Computers \& Industrial Engineering},
  volume={112},
  pages={663--674},
  year={2017},
  publisher={Elsevier}
}

@book{Berlin2017,
  title={Production ergonomics: Designing work systems to support optimal human performance},
  author={Berlin, Cecilia and Adams, Caroline},
  year={2017},
  publisher={Ubiquity press}
}
@article{Greig2019,
  title        = {Assessing human factors and ergonomics capability in organizations - {The} {Human} {Factors} {Integration} {Toolset}},
  author       = {Greig, Michael and Village, Judy and Dixon, Shane and Salustri, Filippo and Neumann, W.},
  year         = 2019,
  month        = aug,
  journal      = {Ergonomics},
  volume       = 62,
  pages        = {1--30},
  idd          = 108,
  file         = {:00140139.2019.1572228.pdf:PDF}
}

@inproceedings{Azarkhil2014,
  title        = {Dynamic behavior of operating crew in complex systems},
  author       = {Azarkhil, Mandana and Mosleh, Ali},
  year         = 2014,
  month        = jan,
  booktitle    = {2014 {Reliability} and {Maintainability} {Symposium}},
  pages        = {1--7},
  issn         = {0149-144X},
  note         = {ISSN: 0149-144X},
  idd          = 115,
  file         = {:2014Azarkhil_Dynamic Behavior of Operating Crew in Complex Systems.pdf:PDF},
  keywords     = {Mathematical model, Data models, Context modeling, Load modeling, Context, Reliability, Predictive models, Human Reliability, Object-based Modeling, Simulation, Dynamic PRA}
}
@incollection{DiPasquale2013,
  title={An overview of human reliability analysis techniques in manufacturing operations},
  author={Di Pasquale, Valentina and Iannone, Raffaele and Miranda, Salvatore and Riemma, Stefano and others},
  journal={Operations management},
  volume={9},
  pages={221--240},
  year={2013},
  publisher={chapter 9},
booktitle = {Operations Management},
}
@article{Dantan2020,
  title        = {Tolerance \& {Time} margin},
  author       = {Dantan, Jean-Yves and Etienne, Alain and Petronijevic, Jelena and Siadat, A.},
  year         = 2020,
  month        = dec,
  journal      = {Procedia CIRP},
  volume       = 92,
  pages        = {51--56},
  idd          = 109,
  file         = {:j.procir.2020.04.139.pdf:PDF}
}
@Article{Upadhyay2022,
  author={Upadhyay, Rajesh Kumar and Singh, Anurag and Singh, Brij Mohan},
  journal    = {International Journal of Business Information Systems},
  title      = {Human side of cybersecurity: an empirical study},
  year       = {2022},
  issn       = {1746-0972},
  number     = {3},
  pages      = {408--422},
  volume     = {41},
  keywords   = {cybersecurity, human behaviour, personality},
  language   = {English},
  shorttitle = {Human side of cybersecurity},
}
@Article{SanchezAguayo2021,
  author={S{\'a}nchez-Aguayo, Marco and Urquiza-Aguiar, Luis and Estrada-Jim{\'e}nez, Jos{\'e}},
  journal    = {Computers},
  title      = {Fraud detection using the fraud triangle theory and data mining techniques: {A} literature review},
  year       = {2021},
  issn       = {2073-431X},
  number     = {10},
  volume     = {10},
  annote     = {Cited By :3},
  keywords   = {Cybersecurity, Fraud, Human behavior, Machine learning},
  language   = {English},
  shorttitle = {Fraud detection using the fraud triangle theory and data mining techniques},
}
@Article{Domarkiene2021,
  author     = {Domarkienė, I. and Ambrozaitytė, L. and Bukauskas, L. and Rančelis, T. and Sütterlin, S. and Knox, B.J. and Maennel, K. and Maennel, O. and Parish, K. and Lugo, R.G. and Brilingaitė, A.},
  journal    = {Behavioral Sciences},
  title      = {Cybergenomics: {Application} of behavioral genetics in cybersecurity},
  year       = {2021},
  issn       = {2076-328X},
  number     = {11},
  volume     = {11},
  keywords   = {Behavior genetics, Complex traits, Cybersecurity, Genetic architecture, Genome-wide association study (GWAS), Human behavior, Human factor, Risk assessment, Stress genomics},
  language   = {English},
  shorttitle = {Cybergenomics},
}
@InCollection{Moallem2021,
  title={Cybersecurity, Privacy, and Trust},
  author={Moallem, Abbas},
  journal={Handbook of Human Factors and Ergonomics},
  pages={1107--1120},
  year={2021},
  booktitle={Handbook of Computer Networks and Cyber Security},
  publisher={Wiley Online Library}
}
@Book{Schia2019,
  title={The introduction of AI in the construction industry and its impact on human behavior},
  author={Schia, Marte Helle},
  year={2019},
  publisher={NTNU}
}
@InProceedings{Kong2020,
  idd       = {72},
  author    = {Kong, F. S. and Kong, X. D. and Wu, H. Y. and Zhang, Y. X. and Fang, P. D.},
  booktitle = {2020 {IEEE} {International} {Conference} on {Industrial} {Engineering} and {Engineering} {Management} ({IEEM})},
  title     = {Simulation {Modeling} of {Production} {System} {Considering} {Human} {Behavior}},
  year      = {2020},
  month     = dec,
  pages     = {123--127},
 
  file      = {:ieem45057.2020.9309794.pdf:PDF},
  keywords  = {Production, Mathematics, Mathematical model, Error analysis, Inspection, Production systems, Data models, Time pressure, fuzzy mathematics, production system simulation},
}

@article{Katiraee2021a,
  title        = {Consideration of workers’ differences in production systems modelling and design {State} of the art and directions for future research},
  author       = {Katiraee, Niloofar and Calzavara, Martina and Finco, Serena and Battini, Daria and Battaïa, Olga},
  year         = 2021,
  month        = mar,
  journal      = {International Journal of Production Research},
  volume       = 59,
  idd          = 110
}
@article{Al-E-Hashem2009,
   author = {S M J Mirzapour Al-E-Hashem and M B Aryanezhad and V Deljoo and S M J Mirzapour Al},
   issue = {3-4},
   journal = {Springer},
   keywords = {Dynamic cell formation,Route and machine flexibility,Training,Worker assignment},
   month = {3},
   pages = {329-342},
   title = {Dynamic cell formation and the worker assignment problem: a new model},
   volume = {41},
   year = {2009},
}
@article{Chu2019,
  title={Worker assignment with learning-forgetting effect in cellular manufacturing system using adaptive memetic differential search algorithm},
  author={Chu, Xianghua and Gao, Da and Cheng, Shi and Wu, Lang and Chen, Jiansheng and Shi, Yuhui and Qin, Quande},
  journal={Computers \& industrial engineering},
  volume={136},
  pages={381--396},
  year={2019},
  publisher={Elsevier}
}
@inproceedings{green2017hybrid,
  title={A hybrid simulation model of helping behavior},
  author={Green, Josiah J and Krejci, Caroline C and Cantor, David E},
  booktitle={2017 Winter Simulation Conference (WSC)},
  pages={1619--1630},
  year={2017},
  organization={IEEE}
}
@article{Mura2019a,
  title={Designing assembly lines with humans and collaborative robots: A genetic approach},
  author={Dalle Mura, Michela and Dini, Gino},
  journal={CIRP Annals},
  volume={68},
  number={1},
  pages={1--4},
  year={2019},
  publisher={Elsevier}
}
@article{Mura2019b,
  title={Optimizing ergonomics in assembly lines: A multi objective genetic algorithm},
  author={Dalle Mura, Michela and Dini, Gino},
  journal={CIRP Journal of Manufacturing Science and Technology},
  volume={27},
  pages={31--45},
  year={2019},
  publisher={Elsevier}
}
@article{Ramezanian2015,
  title={Modeling and solving multi-objective mixed-model assembly line balancing and worker assignment problem},
  author={Ramezanian, Reza and Ezzatpanah, Abdullah},
  journal={Computers \& Industrial Engineering},
  volume={87},
  pages={74--80},
  year={2015},
  publisher={Elsevier}
}
@article{Liu2019,
   author = {Ming Liu and Xuenan Yang},
   issn = {2405-8963},
   issue = {13},
   journal = {IFAC-PapersOnLine},
   keywords = {Bi-objective,Hybrid flow shop,Multi-skilled worker,Scheduling,Worker assignment},
   month = {1},
   pages = {2128-2133},
   publisher = {Elsevier},
   title = {Bi-objective optimization for Scheduling and Multi-skilled Worker Assignments in the Hybrid Flow Shop},
   volume = {52},
   year = {2019},
}
@article{chen2019a,
  title={Applying two-phase adaptive genetic algorithm to solve multi-model assembly line balancing problems in TFT--LCD module process},
  author={Chen, James C and Chen, Yin-Yann and Chen, Tzu-Li and Kuo, Yi-Hsin},
  journal={Journal of Manufacturing Systems},
  volume={52},
  pages={86--99},
  year={2019},
  publisher={Elsevier}
}
@article{Katiraee2022,
  title={Assembly line balancing and worker assignment considering workers’ expertise and perceived physical effort},
  author={Katiraee, Niloofar and Calzavara, Martina and Finco, Serena and Batta{\"\i}a, Olga and Battini, Daria},
  journal={International Journal of Production Research},
  pages={1--21},
  year={2022},
  publisher={Taylor \& Francis}
}


@article{Wu2018a,
  title={Cross-trained worker assignment problem in cellular manufacturing system using swarm intelligence metaheuristics},
  author={Wu, Lang and Cai, Fulin and Li, Li and Chu, Xianghua},
  journal={Mathematical Problems in Engineering},
  volume={2018},
  pages={1--15},
  year={2018},
  publisher={Hindawi Limited}
}
@article{ayough2023robust,
  title={Robust optimization for the integrated worker-cell assignment and sequencing problem in a lean U-shaped assembly line},
  author={Ayough, Ashkan and Khorshidvand, Behrooz},
  journal={Computers \& Industrial Engineering},
  volume={178},
  pages={109139},
  year={2023},
  publisher={Elsevier}
}
@article{Borba2013,
  title={A heuristic and a branch-and-bound algorithm for the assembly line worker assignment and balancing problem},
  author={Borba, Leonardo and Ritt, Marcus},
  journal={Computers \& Operations Research},
  volume={45},
  pages={87--96},
  year={2014},
  publisher={Elsevier}
}

@article{Vila2014,

   author = {Mariona Vilà and Jordi Pereira},
   issn = {03050548},
   journal = {Computers and Operations Research},
   keywords = {Assembly line balancing,Branch-and-bound,Manufacturing},
   pages = {105-114},
   publisher = {Elsevier},
   title = {A branch-and-bound algorithm for assembly line worker assignment and balancing problems},
   volume = {44},
   year = {2014},
}
@article{Moussavi2017,
   author = {Seyed Esmaeil Moussavi and Morad Mahdjoub and Olivier Grunder},
   issn = {1366588X},
   issue = {24},
   journal = {International Journal of Production Research},
   keywords = {Generalised assignment problem,Manpower planning,Matheuristic solving method,Production cycle time,Truck assembly line},
   month = {9},
   pages = {7509-7523},
   publisher = {Taylor and Francis Ltd.},
   title = {Productivity improvement through a sequencing generalised assignment in an assembly line system},
   volume = {55},
   year = {2017},
}

@article{LUO2023102534,
title = {A Pareto-based two-stage evolutionary algorithm for flexible job shop scheduling problem with worker cooperation flexibility},
journal = {Robotics and Computer-Integrated Manufacturing},
volume = {82},
pages = {102534},
year = {2023},
issn = {0736-5845},
author = {Qiang Luo and Qianwang Deng and Guanhua Xie and Guiliang Gong},
keywords = {Flexible job shop scheduling, Cooperation flexibility, Two-stage algorithm, NSGA-II, Objective-based local search},
}
@article{li2023integrating,
  title={Integrating machine layout, transporter allocation and worker assignment into job-shop scheduling solved by an improved non-dominated sorting genetic algorithm},
  author={Li, Yinghe and Chen, Xiaohui and An, Youjun and Zhao, Ziye and Cao, Hongrui and Jiang, Junwei},
  journal={Computers \& Industrial Engineering},
  volume={179},
  pages={109169},
  year={2023},
  publisher={Elsevier}
}
@article{Lundstrom2016,
   author = {Jens Lundström and Eric Järpe and Antanas Verikas},
   journal = {Expert Systems with Applications},
   keywords = {Ambient assisted living,Intelligent environments,Markov chain,Random forests,Stochastic neighbour embedding},
   pages = {429-440},
   title = {Detecting and exploring deviating behaviour of smart home residents},
   volume = {55},
   year = {2016},
}

@article{Sanchez2020,
   author = {Veralia Gabriela Sánchez and Ola Marius Lysaker and Nils-Olav Olav Skeie},
   issn = {0167-8655},
   journal = {Pattern Recognition Letters},
   keywords = {Ambient assisted living,Assistive technology,Behaviour recognition,HMM,Norway,Pattern recognition,Smart house},
   month = {9},
   pages = {71-79},
   publisher = {North-Holland},
   title = {Human behaviour modelling for welfare technology using hidden Markov models},
   volume = {137},
   year = {2020},
}

@article{Bouaziz2022,
   author = {Nourddine Bouaziz and Belgacem Bettayeb and Mhammed Sahnoun and Adnan Yassine and Ameur Latreche},
   issn = {24058963},
   issue = {10},
   journal = {IFAC-PapersOnLine},
   keywords = {Human-system interaction,Industry 5.0,Markov chain,Simulation,Throughput},
   pages = {1740-1745},
   publisher = {Elsevier Ltd},
   title = {Modeling and simulation of human behavior impact on production throughput},
   volume = {55},
   year = {2022},
}
@article{lin2022human,
  title        = {Human-robot collaboration empowered by hidden semi-Markov model for operator behaviour prediction in a smart assembly system},
  author       = {Lin, Chiu-Hsiang and Wang, Kung-Jeng and Tadesse, Ahmed Abide and Woldegiorgis, Bereket Haile},
  year         = 2022,
  journal      = {Journal of Manufacturing Systems},
  publisher    = {Elsevier},
  volume       = 62,
  pages        = {317--333}
}
@article{vijayakumar2022framework,
  title        = {Framework for incorporating human factors into production and logistics systems},
  author       = {Vijayakumar, Vivek and Sgarbossa, Fabio and Neumann, W Patrick and Sobhani, Ahmad},
  year         = 2022,
  journal      = {International Journal of Production Research},
  publisher    = {Taylor \& Francis},
  volume       = 60,
  number       = 2,
  pages        = {402--419}
}

@article{elkosantini2009integration,
  title        = {Integration of human behavioural aspects in a dynamic model for a manufacturing system},
  author       = {Elkosantini, Sabeur and Gien, Denis},
  year         = 2009,
  journal      = {International Journal of Production Research},
  publisher    = {Taylor \& Francis},
  volume       = 47,
  number       = 10,
  pages        = {2601--2623}
}
@article{chang2008synthesized,
  title        = {A synthesized model of Markov chain and {ERG} theory for behavior forecast in collaborative prototyping},
  author       = {Chang, Wei-Lun and Yuan, Soe-Tsyr},
  year         = 2008,
  journal      = {Journal of Information Technology Theory and Application (JITTA)},
  volume       = 9,
  number       = 2,
  pages        = 5
}
@article{tarokh2017,
  title        = {A new model to speculate CLV based on Markov chain model},
  author       = {Tarokh, MohammadJafar and EsmaeiliGookeh, Mahsa},
  year         = 2017,
  journal      = {Journal of Industrial Engineering and Management Studies},
  publisher    = {Iran Center for Management Studies},
  volume       = 4,
  number       = 2,
  pages        = {85--102}
}
@article{Zacharia2015,
  title={A decision support system for designing win--win interventions impacting occupational safety and operational performance in ageing workforce contexts},
  author={Peron, Mirco and Arena, Simone and Micheli, Guido Jacopo Luca and Sgarbossa, Fabio},
  journal={Safety science},
  volume={147},
  pages={105598},
  year={2022},
  publisher={Elsevier}
}


% IJPE

% IJPE
@article{Battaia2015,
	title        = {{Workforce minimization for a mixed-model assembly line in the automotive industry}},
	author       = {Batta{\"{i}}a, Olga and Delorme, Xavier and Dolgui, Alexandre and Hagemann, Johannes and Horlemann, Anika and Kovalev, Sergey and Malyutin, Sergey},
	year         = 2015,
	journal      = {International Journal of Production Economics},
	volume       = 170,
	pages        = {489--500},
	issn         = {09255273},
	keywords     = {Assembly line,Heuristics,IJPE,Integer linear programming,Optimization,Scheduling,Worker assignment,Workforce dimensioning}
}
@article{Mossa2015,
	title        = {{Productivity and ergonomic risk in human based production systems: A job-rotation scheduling model}},
	author       = {Mossa, G. and Boenzi, F. and Digiesi, S. and Mummolo, G. and Romano, V. A.},
	year         = 2016,
	month        = {jan},
	journal      = {International Journal of Production Economics},
	publisher    = {Elsevier},
	volume       = 171,
	pages        = {471--477},
	issn         = {09255273},
	keywords     = {Automotive,Human workload balancing,IJPE,Job rotation,Mathematical programming,OCRA,UL-WMSDs}
}
@article{Bentefouet2012,
	title        = {{Optimal flow-line conditions with worker variability}},
	author       = {Bentefouet, Frank and Nembhard, David A.},
	year         = 2013,
	month        = {feb},
	journal      = {International Journal of Production Economics},
	publisher    = {Elsevier},
	volume       = 141,
	number       = 2,
	pages        = {675--684},
	issn         = {09255273},
	keywords     = {Forgetting,IJPE,Individual differences,Learning,Related tasks,Scheduling,Worker Assignmen,Worker performance}
}
@article{Digiesi2009,
	title        = {{The effect of dynamic worker behavior on flow line performance}},
	author       = {Digiesi, Salvatore and Kock, Ad A.A. and Mummolo, Giovanni and Rooda, Jacobus E.},
	year         = 2009,
	month        = {aug},
	journal      = {International Journal of Production Economics},
	publisher    = {Elsevier},
	volume       = 120,
	number       = 2,
	pages        = {368--377},
	issn         = {0925-5273},
	keywords     = {Automotive industry,Fatigue,IJPE,Manual operations,Modeling,Simulation}
}
@article{Corominas2006,
	title        = {{Rotational allocation of tasks to multifunctional workers in a service industry}},
	author       = {Corominas, Albert and Pastor, Rafael and Rodr{\'{i}}guez, Ericka},
	year         = 2006,
	month        = {sep},
	journal      = {International Journal of Production Economics},
	publisher    = {Elsevier},
	volume       = 103,
	number       = 1,
	pages        = {3--9},
	issn         = {0925-5273},
	keywords     = {Assignment problem,Heuristics,IJPE,Job rotation,Manpower planning}
}
@article{Cheng2012,
	title        = {{Common due-window assignment and scheduling of linear time-dependent deteriorating jobs and a deteriorating maintenance activity}},
	author       = {Cheng, T. C.E. and Yang, Suh Jenq and Yang, Dar Li},
	year         = 2012,
	month        = {jan},
	journal      = {International Journal of Production Economics},
	publisher    = {Elsevier},
	volume       = 135,
	number       = 1,
	pages        = {154--161},
	issn         = {09255273},
	keywords     = {Deteriorating jobs,Deteriorating maintenance activity,Due-window assignment,IJPE,Scheduling}
}
@article{Onay2023,
	title        = {{A behavioral perspective on workload control concepts: The influence of order release on operators' reaction behavior}},
	author       = {Onay, Anita and Stampfer, Christina and Missbauer, Hubert},
	year         = 2023,
	month        = {oct},
	journal      = {International Journal of Production Economics},
	publisher    = {Elsevier B.V.},
	volume       = 264,
	number       = {May},
	pages        = 108956,
	issn         = {09255273},
	keywords     = {Behavioral operations,IJPE,Laboratory exp,Order release,behavioral operations}
}
@article{Battini2022,
	title        = {{Towards industry 5.0: A multi-objective job rotation model for an inclusive workforce}},
	author       = {Battini, Daria and Berti, Nicola and Finco, Serena and Zennaro, Ilenia and Das, Ajay},
	year         = 2022,
	month        = {aug},
	journal      = {International Journal of Production Economics},
	publisher    = {Elsevier},
	volume       = 250,
	pages        = 108619,
	issn         = {09255273},
	keywords     = {1_workstation,Aspect_worker_type,Ergonomics,Human-centric,Human-centric design,IJPE,Inclusive workforce,Industry 4.0,Industry 5.0,Interruption,Job rotation,Multi-objective optimization,No_Simulation,Worker Assignmen,import,optimization,scheduling}
}
@article{Battaia2013,
	title        = {{A taxonomy of line balancing problems and their solutionapproaches}},
	author       = {Batta{\"{i}}a, Olga and Dolgui, Alexandre},
	year         = 2013,
	journal      = {International Journal of Production Economics},
	volume       = 142,
	number       = 2,
	pages        = {259--277},
	issn         = {09255273},
	keywords     = {Assembly,Disassembly,Flow lines,IJPE,Line balancing,Machining,Manufacturing systems,Review,State-of-the-art,Survey}
}
@article{Stefan2021,
	title        = {{The lead time updating trap: Analyzing human behavior in capacitated supply chains}},
	author       = {Stefan, Haeussler and Matthias, Stefan and Manuel, Schneckenreither and Anita, Onay},
	year         = 2021,
	month        = {apr},
	journal      = {International Journal of Production Economics},
	publisher    = {Elsevier},
	volume       = 234,
	pages        = 108034,
	issn         = {0925-5273},
	keywords     = {Behavioral experiments,IJPE,Lead time syndrome,Load dependent lead times,Production planning}
}
@article{Costa2009,
	title        = {{Job rotation in assembly lines employing disabled workers}},
	author       = {Costa, Alysson M. and Miralles, Crist{\'{o}}bal},
	year         = 2009,
	journal      = {International Journal of Production Economics},
	volume       = 120,
	number       = 2,
	pages        = {625--632},
	issn         = {09255273},
	keywords     = {Assembly lines,Disabled workers,IJPE,Job rotation,To Reading,Worker Assignmen}
}
@article{Economics,
	title        = {{The impact of worker differences on production system output}},
	author       = {Buzacott, John A.},
	year         = 2002,
	journal      = {International Journal of Production Economics},
	volume       = 78,
	number       = 1,
	pages        = {37--44},
	issn         = {09255273},
	keywords     = {Bucket brigade,IJPE,Individual differences,Manufacturing systems,Worker performance}
}
@article{Techawiboonwong2006,
	title        = {{A master scheduling model with skilled and unskilled temporary workers}},
	author       = {Techawiboonwong, Atthawit and Yenradee, Pisal and Das, Sanchoy K.},
	year         = 2006,
	journal      = {International Journal of Production Economics},
	volume       = 103,
	number       = 2,
	pages        = {798--809},
	issn         = {09255273},
	keywords     = {Flow lines,IJPE,Master scheduling,Temporary workers,Worker Assignmen}
}
@article{Bogataj2018,
	title        = {{The ageing workforce challenge: Investments in collaborative robots or contribution to pension schemes, from the multi-echelon perspective}},
	author       = {Bogataj, David and Battini, Daria and Calzavara, Martina and Persona, Alessandro},
	year         = 2019,
	journal      = {International Journal of Production Economics},
	volume       = 210,
	pages        = {97--106},
	issn         = {09255273},
	keywords     = {Early retirement,Ergonomics,Human resources,IJPE,Investments,MRP theory,Multi-echelon system,Occupational pension scheme}
}
@article{MirallesA2007,
	title        = {{Advantages of assembly lines in Sheltered Work Centres for Disabled. A case study}},
	author       = {Miralles, Crist{\'{o}}bal and Garc{\'{i}}a-Sabater, Jose Pedro and Andr{\'{e}}s, Carlos and Cardos, Manuel},
	year         = 2007,
	journal      = {International Journal of Production Economics},
	volume       = 110,
	number       = {1-2},
	pages        = {187--197},
	issn         = {09255273},
	keywords     = {Assembly lines,Disabled workers,IJPE,Variable task times}
}













@article{glock2017maverick,
  title={Maverick picking: the impact of modifications in work schedules on manual order picking processes},
  author={Glock, Christoph H and Grosse, Eric H and Elbert, Ralf M and Franzke, Torsten},
  journal={International Journal of Production Research},
  volume={55},
  number={21},
  pages={6344--6360},
  year={2017},
  publisher={Taylor \& Francis}
}
@article{johari2020aptitude,
  title={How the aptitude of workers affects construction labor productivity},
  author={Johari, Sparsh and Jha, Kumar Neeraj},
  journal={Journal of Management in Engineering},
  volume={36},
  number={5},
  pages={04020055},
  year={2020},
  publisher={American Society of Civil Engineers}
}

@article{nicola2023availability,
  title={Availability in Human order picking systems: an empirical study on worker’s performance profile},
  author={Nicola Berti, Alessandro Persona, Ilenia Zennaro},
  journal={International Conference on Reliability and Quality in Design},
  year={2023},
  publisher={uality in Design}
}

@article{korytkowski2017competences,
  title={Competences-based performance model of multi-skilled workers with learning and forgetting},
  author={Korytkowski, Przemyslaw},
  journal={Expert Systems with applications},
  volume={77},
  pages={226--235},
  year={2017},
  publisher={Elsevier}
}


@inproceedings{lucchese2023stochastic,
  title={A Stochastic-Based Model to Assess the Variability of Task Completion Times of Differently Aged and Experienced Workers Subject to Fatigue},
  author={Lucchese, Andrea and Digiesi, Salvatore and Mummolo, Giovanni},
  booktitle={IFIP International Conference on Advances in Production Management Systems},
  pages={745--759},
  year={2023},
  organization={Springer}
}
@inproceedings{nagata2023proposal,
  title={A Proposal for Production Scheduling Optimization Method with Worker Assignment Considering Operation Time Uncertainty},
  author={Nagata, Daiki and Kaihara, Toshiya and Kokuryo, Daisuke and Umeda, Toyohiro and Mizuhara, Houei},
  booktitle={IFIP International Conference on Advances in Production Management Systems},
  pages={760--774},
  year={2023},
  organization={Springer}
}

@article{digiesi2020human,
  title={Human cognitive and motor abilities in the aging workforce: An information-based model},
  author={Digiesi, Salvatore and Cavallo, Daniela and Lucchese, Andrea and Mummolo, Carlotta},
  journal={Applied Sciences},
  volume={10},
  number={17},
  pages={5958},
  year={2020},
  publisher={MDPI}
}










@article{battini2022towards,
  title={Towards industry 5.0: A multi-objective job rotation model for an inclusive workforce},
  author={Battini, Daria and Berti, Nicola and Finco, Serena and Zennaro, Ilenia and Das, Ajay},
  journal={International Journal of Production Economics},
  volume={250},
  pages={108619},
  year={2022},
  publisher={Elsevier}
}



@article{boschetti2023prevenzione,
  title={La prevenzione della corruzione nei contratti pubblici a dieci anni dalla ln 190/2012: prove di un nuovo diritto amministrativo (tra risultato, fiducia e discrezionalit{\`a})},
  author={Boschetti, Barbara and Berti, Nicola and others},
  journal={LE ISTITUZIONI DEL FEDERALISMO},
  number={3},
  pages={1--23},
  year={2023}
}

@article{bonaiti2023aspetti,
  title={ASPETTI E PROBLEMI DELLE RECENTI RIFORME IN TEMA DI REALIZZAZIONE DEGLI IMPIANTI DI PRODUZIONE DI ENERGIA DA FONTI RINNOVABILI.},
  author={Bonaiti, Nicola Berti--Angelo},
  journal={test},
  year={2023}
}

@article{trost2022social,
  title={Social Sustainability in Production Planning: A Systematic Literature Review},
  author={Trost, Marco and Claus, Thorsten and Herrmann, Frank},
  journal={Sustainability},
  volume={14},
  number={13},
  pages={8198},
  year={2022},
  publisher={MDPI}
}
@article{missimer2017strategic,
  title={A strategic approach to social sustainability--Part 1: exploring the social system},
  author={Missimer, Merlina and Rob{\`e}rt, Karl-Henrik and Broman, G{\"o}ran},
  journal={Journal of cleaner production},
  volume={140},
  pages={32--41},
  year={2017},
  publisher={Elsevier}
}







@article{hashemi2020operations,
  title={Operations management issues in design and control of hybrid human-robot collaborative manufacturing systems: a survey},
  author={Hashemi-Petroodi, S Ehsan and Thevenin, Simon and Kovalev, Sergey and Dolgui, Alexandre},
  journal={Annual Reviews in Control},
  volume={49},
  pages={264--276},
  year={2020},
  publisher={Elsevier}
}
@article{dunke2022multi,
  title={A multi-method approach to scheduling and efficiency analysis in dual-resource constrained job shops with processing time uncertainty},
  author={Dunke, Fabian and Nickel, Stefan},
  journal={Computers \& Industrial Engineering},
  volume={168},
  pages={108067},
  year={2022},
  publisher={Elsevier}
}

@article{geurtsen2023production,
  title={Production, maintenance and resource scheduling: A review},
  author={Geurtsen, M and Didden, Jeroen BHC and Adan, Jelle and Atan, Z{\"u}mb{\"u}l and Adan, IJBF},
  journal={European Journal of Operational Research},
  volume={305},
  number={2},
  pages={501--529},
  year={2023},
  publisher={Elsevier}
}
@article{geng2020research,
  title={Research on multi-objective hybrid flow shop scheduling problem with dual resource constraints using improved memetic algorithm},
  author={Geng, Kaifeng and Ye, Chunming and Liu, Li},
  journal={IEEE Access},
  volume={8},
  pages={104527--104542},
  year={2020},
  publisher={IEEE}
}
@article{costa2020solving,
  title={Solving the hybrid flow shop scheduling problem with limited human resource constraint},
  author={Costa, Antonio and Fernandez-Viagas, Victor and Frami{\~n}an, Jose M},
  journal={Computers \& Industrial Engineering},
  volume={146},
  pages={106545},
  year={2020},
  publisher={Elsevier}
}
@article{dhiflaoui2018dual,
  title={Dual-resource constraints in classical and flexible job shop problems: a state-of-the-art review},
  author={Dhiflaoui, Mondher and Nouri, Houssem Eddine and Driss, Olfa Belkahla},
  journal={Procedia computer science},
  volume={126},
  pages={1507--1515},
  year={2018},
  publisher={Elsevier}
}
@article{zhang2021dual,
  title={Dual resource constrained flexible job shop scheduling based on improved quantum genetic algorithm},
  author={Zhang, Shoujing and Du, Haotian and Borucki, Sebastian and Jin, Shoufeng and Hou, Tiantian and Li, Zhixiong},
  journal={Machines},
  volume={9},
  number={6},
  pages={108},
  year={2021},
  publisher={MDPI}
}
@article{bakon2022scheduling,
  title={Scheduling under uncertainty for Industry 4.0 and 5.0},
  author={Bakon, Kriszti{\'a}n and Holczinger, Tibor and S{\"u}le, Zolt{\'a}n and Jask{\'o}, Szil{\'a}rd and Abonyi, J{\'a}nos},
  journal={IEEE Access},
  volume={10},
  pages={74977--75017},
  year={2022},
  publisher={IEEE}
}

@article{BERTI2021108151,
title = {Ageing workforce effects in Dual-Resource Constrained job-shop scheduling},
journal = {International Journal of Production Economics},
volume = {237},
pages = {108151},
year = {2021},
issn = {0925-5273},
author = {Nicola Berti and Serena Finco and Olga Battaïa and Xavier Delorme},
keywords = {Ageing workforce, Production systems, Rest allowance, Human factors, DRC Job Shop}
}


@article{Acar2018Creativity,
title={Creativity and Innovation Under Constraints: A Cross-Disciplinary Integrative Review},
author={O. A. Acar and Murat Tarakci and D. van Knippenberg},
journal={Journal of Management},
year={2018},
volume={45},
pages={121 - 96},
doi={10.1177/0149206318805832}
}

@article{Abii2013Effects,
title={Effects of Individual and Organizational Factors on the Turnover Intentions of Information Technology Professionals},
author={Francesca E. Abii and David C. N. Ogula and Jonathan M. Rose},
journal={The International Journal of Management},
year={2013},
volume={30},
pages={740},
doi={}
}

@article{Jamal2019Work,
title={Work Turnover and Its Impact on the Quality of Productivity in the Industrial Sector},
author={A. Jamal},
journal={Research in World Economy},
year={2019},
volume={10},
pages={65},
doi={10.5430/rwe.v10n4p65}
}
